@misc{howard2018universal,
    title={Universal Language Model Fine-tuning for Text Classification},
    author={Jeremy Howard and others},
    year={2018},
    eprint={1801.06146},
    archivePrefix={arXiv},
    primaryClass={cs.CL}
}