@article{Fielding2002,
    author = {Fielding, Roy T. and Taylor, Richard N.},
    title = {Principled Design of the Modern Web Architecture},
    year = {2002},
    publisher = {Association for Computing Machinery},
    address = {New York, NY, USA},
    volume = {2},
    number = {2},
    issn = {1533-5399},
    journal = {ACM Trans. Internet Technol.},
    pages = {115–150},
    numpages = {36},
}

@article{tese2023,
    author = {Teste, Roy T. and Taylor, Richard N.},
    title = {Principled Design of the Modern Web Architecture},
    year = {2002},
    publisher = {Association for Computing Machinery},
    address = {New York, NY, USA},
    volume = {2},
    number = {2},
    issn = {1533-5399},
    journal = {ACM Trans. Internet Technol.},
    pages = {115–150},
    numpages = {36},
}